@article{einstein,
    author =       "Albert Einstein",
    title =        "{Zur Elektrodynamik bewegter K{\"o}rper}. ({German})
        [{On} the electrodynamics of moving bodies]",
    journal =      "Annalen der Physik",
    volume =       "322",
    number =       "10",
    pages =        "891--921",
    year =         "1905",
    DOI =          "http://dx.doi.org/10.1002/andp.19053221004"
}
 
@book{latexcompanion,
    author    = "Michel Goossens and Frank Mittelbach and Alexander Samarin",
    title     = "The \LaTeX\ Companion",
    year      = "1993",
    publisher = "Addison-Wesley",
    address   = "Reading, Massachusetts"
}
 
@misc{knuthwebsite,
    author    = "Donald Knuth",
    title     = "Knuth: Computers and Typesetting",
    url       = "http://www-cs-faculty.stanford.edu/\~{}uno/abcde.html"
}

@misc{qqicomputing,
    author    = "Quality and Qualifications Ireland",
    title     = "Award Standards -- Computing",
    howpublished = "\\ \url{http://www.qqi.ie/Publications/Computing%20-%20QQI%20Awards%20Standards.pdf}"
}

@misc{pythonitertools,
    author    = "Python Standard Library Documentation",
    title     = "10.1. itertools",
     howpublished = "\\ \url{https://docs.python.org/3/library/itertools.html}"
}

@misc{pythoncollections,
  author    = "Python Standard Library Documentation",
  title     = "8.3. collections",
  howpublished = "\\ \url{https://docs.python.org/3/library/collections.html}"
}


@misc{ucberkgender,
  author    = "Brad Hershbein",
  title     = "When average isn't good enough: Simpson's paradox in education and earnings",
  howpublished = "\\ \url{http://www.brookings.edu/blogs/social-mobility-memos/posts/2015/07/29-simpsons-paradox-education-earnings-hershbein}"
}